@book{aciman2007,
  author    = {Andr√© Aciman},
  title     = {Call Me by Your Name},
  year      = {2007},
  publisher = {Farrar, Straus and Giroux},
  address   = {New York}
}

@book{jedrowski2020,
  author    = {Tomasz Jedrowski},
  title     = {Swimming in the Dark},
  year      = {2020},
  publisher = {Bloomsbury Publishing},
  address   = {London}
}

@book{miller2011,
  author    = {Madeline Miller},
  title     = {The Song of Achilles},
  year      = {2011},
  publisher = {Ecco; HarperCollins},
  address   = {New York}
}

@book{yanagihara2015,
  author    = {Hanya Yanagihara},
  title     = {A Little Life},
  year      = {2015},
  publisher = {Doubleday},
  address   = {New York}
}

@book{silvera2017,
  author    = {Adam Silvera},
  title     = {They Both Die at the End},
  year      = {2017},
  publisher = {HarperTeen},
  address   = {New York}
}